<?xml version="1.0" encoding="UTF-8"?><collection xmlns="http://www.loc.gov/MARC21/slim"><record><leader>00498nam--2200133-i-4500</leader><controlfield tag="001">000034786</controlfield><controlfield tag="002">20161230</controlfield><controlfield tag="005">20161230201040</controlfield><controlfield tag="008">060222s1000------------r-----000-0-eng-d</controlfield><datafield ind1=" " ind2=" " tag="080"><subfield code="a">015:541.13:543.063</subfield></datafield><datafield ind1=" " ind2=" " tag="100"><subfield code="a">Nadai, J. Pierre</subfield></datafield><datafield ind1=" " ind2=" " tag="245"><subfield code="a">Etude del`oxydation anodique du tantale de l`aluminium et du silicium au moyen de la microanalyse par l`observation director de reactions nucleaires.these</subfield></datafield><datafield ind1=" " ind2=" " tag="260"><subfield code="a">Paris, Laboratoire De Physique De L`Ecole Normale Superieure, 1971. 45p</subfield></datafield><datafield ind1=" " ind2=" " tag="852"><subfield code="a">38138</subfield></datafield></record></collection>